%list update
@article{Albers98,
  author    = {Susanne Albers},
  title     = {Improved Randomized On-Line Algorithms for the List Update Problem},
  journal   = {{SIAM} J. Comput.},
  volume    = {27},
  number    = {3},
  pages     = {682--693},
  year      = {1998},
  timestamp = {Sat, 27 May 2017 14:22:58 +0200},
  biburl    = {https://dblp.org/rec/bib/journals/siamcomp/Albers98},
  bibsource = {dblp computer science bibliography, https://dblp.org}
}

@article{ASW95,
  author    = {Susanne Albers and
               Bernhard von Stengel and
               Ralph Werchner},
  title     = {A Combined {BIT} and {TIMESTAMP} Algorithm for the List Update Problem},
  journal   = {Inf. Process. Lett.},
  volume    = {56},
  number    = {3},
  pages     = {135--139},
  year      = {1995}
}

@article{AHK12,
  author    = {Sanjeev Arora and
               Elad Hazan and
               Satyen Kale},
  title     = {The Multiplicative Weights Update Method: a Meta-Algorithm and Applications},
  journal   = {Theory of Computing},
  volume    = {8},
  number    = {1},
  pages     = {121--164},
  year      = {2012},
  timestamp = {Tue, 14 May 2019 19:22:55 +0200},
  biburl    = {https://dblp.org/rec/journals/toc/AroraHK12.bib},
  bibsource = {dblp computer science bibliography, https://dblp.org}
}

@article{ACFS02,
  author    = {Peter Auer and
               Nicol{\`{o}} Cesa{-}Bianchi and
               Yoav Freund and
               Robert E. Schapire},
  title     = {The Nonstochastic Multiarmed Bandit Problem},
  journal   = {{SIAM} J. Comput.},
  volume    = {32},
  number    = {1},
  pages     = {48--77},
  year      = {2002}
}


%Azar 
@inproceedings{AGY09,
  author    = {Yossi Azar and
               Iftah Gamzu and
               Xiaoxin Yin},
  title     = {Multiple intents re-ranking},
  booktitle = {{STOC}},
  pages     = {669--678},
  year      = {2009},
  timestamp = {Tue, 06 Nov 2018 11:07:05 +0100},
  biburl    = {https://dblp.org/rec/bib/conf/stoc/AzarGY09},
  bibsource = {dblp computer science bibliography, https://dblp.org}
}

%Azar Submodular
@inproceedings{AG11,
  author    = {Yossi Azar and
               Iftah Gamzu},
  title     = {Ranking with Submodular Valuations},
  booktitle = {{SODA}},
  pages     = {1070--1079},
  year      = {2011},
  timestamp = {Wed, 24 May 2017 08:31:21 +0200},
  biburl    = {https://dblp.org/rec/bib/conf/soda/AzarG11},
  bibsource = {dblp computer science bibliography, https://dblp.org}
}



%Online Primal-Dual



@article{BBMN15,
  author    = {Nikhil Bansal and
               Niv Buchbinder and
               Aleksander Madry and
               Joseph Naor},
  title     = {A Polylogarithmic-Competitive Algorithm for the \emph{k}-Server Problem},
  journal   = {J. {ACM}},
  volume    = {62},
  number    = {5},
  pages     = {40:1--40:49},
  year      = {2015},
  timestamp = {Tue, 06 Nov 2018 12:51:45 +0100},
  biburl    = {https://dblp.org/rec/journals/jacm/BansalBMN15.bib},
  bibsource = {dblp computer science bibliography, https://dblp.org}
}




@article{BBN12,
  author    = {Nikhil Bansal and
               Niv Buchbinder and
               Joseph Naor},
  title     = {A Primal-Dual Randomized Algorithm for Weighted Paging},
  journal   = {J. {ACM}},
  volume    = {59},
  number    = {4},
  pages     = {19:1--19:24},
  year      = {2012},
  timestamp = {Tue, 06 Nov 2018 12:51:45 +0100},
  biburl    = {https://dblp.org/rec/journals/jacm/BansalBN12.bib},
  bibsource = {dblp computer science bibliography, https://dblp.org}
}



@article{BN09,
  author    = {Niv Buchbinder and
               Joseph Naor},
  title     = {Online Primal-Dual Algorithms for Covering and Packing},
  journal   = {Math. Oper. Res.},
  volume    = {34},
  number    = {2},
  pages     = {270--286},
  year      = {2009},
  timestamp = {Fri, 30 Nov 2018 13:20:41 +0100},
  biburl    = {https://dblp.org/rec/journals/mor/BuchbinderN09.bib},
  bibsource = {dblp computer science bibliography, https://dblp.org}
}



@article{BN09b,
  author    = {Niv Buchbinder and
               Joseph Naor},
  title     = {The Design of Competitive Online Algorithms via a Primal-Dual Approach},
  journal   = {Foundations and Trends in Theoretical Computer Science},
  volume    = {3},
  number    = {2-3},
  pages     = {93--263},
  year      = {2009},
  timestamp = {Fri, 02 Nov 2018 09:31:19 +0100},
  biburl    = {https://dblp.org/rec/journals/fttcs/BuchbinderN09.bib},
  bibsource = {dblp computer science bibliography, https://dblp.org}
}

@inproceedings{BN06,
  author    = {Niv Buchbinder and
               Joseph Naor},
  title     = {Improved Bounds for Online Routing and Packing Via a Primal-Dual Approach},
  booktitle = {FOCS},
  pages     = {293--304},
  year      = {2006},
  timestamp = {Wed, 16 Oct 2019 14:14:54 +0200},
  biburl    = {https://dblp.org/rec/conf/focs/BuchbinderN06.bib},
  bibsource = {dblp computer science bibliography, https://dblp.org}
}




@article{BN13,
  author    = {Niv Buchbinder and
               Joseph Naor},
  title     = {Fair online load balancing},
  journal   = {J. Scheduling},
  volume    = {16},
  number    = {1},
  pages     = {117--127},
  year      = {2013},
  timestamp = {Fri, 30 Nov 2018 13:19:11 +0100},
  biburl    = {https://dblp.org/rec/journals/scheduling/BuchbinderN13.bib},
  bibsource = {dblp computer science bibliography, https://dblp.org}
}


@misc{tim16,
  author    = {Erez Timnat},
  title={The List Update Problem},
  note     = {Master Thesis,  Technion- Israel Institute of Technology},
  year={2016}
}



%Bansal Generalized Version
@inproceedings{BGK10,
  author    = {Nikhil Bansal and
               Anupam Gupta and
               Ravishankar Krishnaswamy},
  title     = {A Constant Factor Approximation Algorithm for Generalized Min-Sum
               Set Cover},
  booktitle = {{SODA} },
  pages     = {1539--1545},
  year      = {2010},
  timestamp = {Wed, 24 May 2017 08:31:21 +0200},
  biburl    = {https://dblp.org/rec/bib/conf/soda/BansalGK10},
  bibsource = {dblp computer science bibliography, https://dblp.org}
}

@inproceedings{BEK17,
  author    = {Nikhil Bansal and
               Marek Eli{\'{a}}{\v{s}} and
               Grigorios Koumoutsos},
  title     = {Weighted k-Server Bounds via Combinatorial Dichotomies},
  booktitle = {FOCS},
  pages     = {493--504},
  year      = {2017},
  timestamp = {Mon, 19 Feb 2018 16:01:50 +0100},
  biburl    = {https://dblp.org/rec/bib/conf/focs/BansalEK17},
  bibsource = {dblp computer science bibliography, https://dblp.org}
}

@inproceedings{BEKN18,
  author    = {Nikhil Bansal and
               Marek Eli{\'{a}}{\v{s}} and
               Grigorios Koumoutsos and
               Jesper Nederlof},
  title     = {Competitive Algorithms for Generalized \emph{k}-Server in Uniform   Metrics},
  booktitle = {SODA},
  pages     = {992--1001},
  year      = {2018},
  timestamp = {Thu, 04 Jan 2018 13:55:11 +0100},
  biburl    = {http://dblp.org/rec/bib/conf/soda/Bansal0KN18},
  bibsource = {dblp computer science bibliography, http://dblp.org}
}


@inproceedings{BBEKU18,
  author    = {Nikhil Bansal and
               Martin B{\"{o}}hm and
               Marek Eli{\'{a}}{\v{s}} and
               Grigorios Koumoutsos and
               Seeun William Umboh},
  title     = {Nested Convex Bodies are Chaseable},
  booktitle = {Proceedings of the Twenty-Ninth Annual {ACM-SIAM} Symposium on Discrete
               Algorithms, {SODA} 2018},
  pages     = {1253--1260},
  year      = {2018},
  timestamp = {Thu, 04 Jan 2018 13:55:11 +0100},
  biburl    = {http://dblp.org/rec/bib/conf/soda/BansalB0KU18},
  bibsource = {dblp computer science bibliography, http://dblp.org}
}


@article{BB00,
  author    = {Avrim Blum and
               Carl Burch},
  title     = {On-line Learning and the Metrical Task System Problem},
  journal   = {Machine Learning},
  volume    = {39},
  number    = {1},
  pages     = {35--58},
  year      = {2000}
}

%Bar-noy et. al. early work on greedy
@article{BBHST98,
  author    = {Amotz Bar{-}Noy and
               Mihir Bellare and
               Magn{\'{u}}s M. Halld{\'{o}}rsson and
               Hadas Shachnai and
               Tami Tamir},
  title     = {On Chromatic Sums and Distributed Resource Allocation},
  journal   = {Inf. Comput.},
  volume    = {140},
  number    = {2},
  pages     = {183--202},
  year      = {1998},
  timestamp = {Thu, 18 May 2017 09:54:21 +0200},
  biburl    = {https://dblp.org/rec/journals/iandc/Bar-NoyBHST98.bib},
  bibsource = {dblp computer science bibliography, https://dblp.org}
}




@article{BCK03,
  author    = {Avrim Blum and
               Shuchi Chawla and
               Adam Kalai},
  title     = {Static Optimality and Dynamic Search-Optimality in Lists and Trees},
  journal   = {Algorithmica},
  volume    = {36},
  number    = {3},
  pages     = {249--260},
  year      = {2003}
}



@article{BHK99,
  author    = {Amotz Bar{-}Noy and
               Magn{\'{u}}s M. Halld{\'{o}}rsson and
               Guy Kortsarz},
  title     = {A Matched Approximation Bound for the Sum of a Greedy Coloring},
  journal   = {Inf. Process. Lett.},
  volume    = {71},
  number    = {3-4},
  pages     = {135--140},
  year      = {1999},
  timestamp = {Fri, 26 May 2017 22:54:44 +0200},
  biburl    = {https://dblp.org/rec/journals/ipl/Bar-NoyHK99.bib},
  bibsource = {dblp computer science bibliography, https://dblp.org}
}

@book{BEY98,
  author    = {Allan Borodin and
               Ran El{-}Yaniv},
  title     = {Online computation and competitive analysis},
  publisher = {Cambridge University Press},
  year      = {1998},
  isbn      = {978-0-521-56392-5},
  timestamp = {Thu, 21 Apr 2011 19:59:45 +0200},
  biburl    = {https://dblp.org/rec/bib/books/daglib/0097013},
  bibsource = {dblp computer science bibliography, https://dblp.org}
}



@article{BLS92,
  author    = {Allan Borodin and
               Nathan Linial and
               Michael E. Saks},
  title     = {An Optimal On-Line Algorithm for Metrical Task System},
  journal   = {J. {ACM}},
  volume    = {39},
  number    = {4},
  pages     = {745--763},
  year      = {1992},
  timestamp = {Thu, 20 Nov 2003 12:28:01 +0100},
  biburl    = {http://dblp.uni-trier.de/rec/bib/journals/jacm/BorodinLS92},
  bibsource = {dblp computer science bibliography, http://dblp.org}
}







% Double Coverage
@article{CKPV91,
  author    = {Marek Chrobak and
               Howard J. Karloff and
               T. H. Payne and
               Sundar Vishwanathan},
  title     = {New Results on Server Problems},
  journal   = {{SIAM} J. Discrete Math.},
  volume    = {4},
  number    = {2},
  pages     = {172--181},
  year      = {1991},
  timestamp = {Fri, 26 May 2017 22:54:47 +0200},
  biburl    = {https://dblp.org/rec/journals/siamdm/ChrobakKPV91.bib},
  bibsource = {dblp computer science bibliography, https://dblp.org}
}



@article{CL91,
  author    = {Marek Chrobak and
               Lawrence L. Larmore},
  title     = {An Optimal On-Line Algorithm for k-Servers on Trees},
  journal   = {{SIAM} J. Comput.},
  volume    = {20},
  number    = {1},
  pages     = {144--148},
  year      = {1991},
  timestamp = {Sun, 02 Jun 2019 21:02:35 +0200},
  biburl    = {https://dblp.org/rec/journals/siamcomp/ChrobakL91.bib},
  bibsource = {dblp computer science bibliography, https://dblp.org}
}



%Original paper Feige, Lovasz, Tetali, APPROX 2002
@inproceedings{FLT02,
  author    = {Uriel Feige and
               L{\'{a}}szl{\'{o}} Lov{\'{a}}sz and
               Prasad Tetali},
  title     = {Approximating Min-sum Set Cover},
  booktitle = {Approximation Algorithms for Combinatorial Optimization, 5th International
               Workshop, {APPROX} 2002, Rome, Italy, September 17-21, 2002, Proceedings},
  pages     = {94--107},
  year      = {2002},
  url       = {https://doi.org/10.1007/3-540-45753-4\_10},
  doi       = {10.1007/3-540-45753-4\_10},
  timestamp = {Tue, 06 Aug 2019 16:18:36 +0200},
  biburl    = {https://dblp.org/rec/bib/conf/approx/FeigeLT02},
  bibsource = {dblp computer science bibliography, https://dblp.org}
}


% Journal Version of Feige
@article{FLT04,
  author    = {Uriel Feige and
               L{\'{a}}szl{\'{o}} Lov{\'{a}}sz and
               Prasad Tetali},
  title     = {Approximating Min Sum Set Cover},
  journal   = {Algorithmica},
  volume    = {40},
  number    = {4},
  pages     = {219--234},
  year      = {2004},
  timestamp = {Tue, 06 Aug 2019 16:18:35 +0200},
  biburl    = {https://dblp.org/rec/bib/journals/algorithmica/FeigeLT04},
  bibsource = {dblp computer science bibliography, https://dblp.org}
}



@article{F08,
  author    = {Dimitris Fotakis},
  title     = {On the Competitive Ratio for Online Facility Location},
  journal   = {Algorithmica},
  volume    = {50},
  number    = {1},
  pages     = {1--57},
  year      = {2008},
  timestamp = {Sun, 02 Jun 2019 21:05:31 +0200},
  biburl    = {https://dblp.org/rec/journals/algorithmica/Fotakis08.bib},
  bibsource = {dblp computer science bibliography, https://dblp.org}
}



@article{FS97,
  author    = {Yoav Freund and
               Robert E. Schapire},
  title     = {A Decision-Theoretic Generalization of On-Line Learning and an Application
               to Boosting},
  journal   = {J. Comput. Syst. Sci.},
  volume    = {55},
  number    = {1},
  pages     = {119--139},
  year      = {1997},
  timestamp = {Wed, 14 Nov 2018 10:33:59 +0100},
  biburl    = {https://dblp.org/rec/bib/journals/jcss/FreundS97},
  bibsource = {dblp computer science bibliography, https://dblp.org}
}

@inproceedings{GGPW19,
  author    = {Anupam Gupta and
               Guru Guruganesh and
               Binghui Peng and
               David Wajc},
  title     = {Stochastic Online Metric Matching},
  booktitle = { {ICALP} },
  pages     = {67:1--67:14},
  year      = {2019},
  timestamp = {Tue, 11 Feb 2020 15:52:14 +0100},
  biburl    = {https://dblp.org/rec/conf/icalp/GuptaGPW19.bib},
  bibsource = {dblp computer science bibliography, https://dblp.org}
}


@inproceedings{Iacono13,
  author    = {John Iacono},
  title     = {In Pursuit of the Dynamic Optimality Conjecture},
  booktitle = {Space-Efficient Data Structures, Streams, and Algorithms},
  series    = {Lecture Notes in Computer Science},
  volume    = {8066},
  pages     = {236--250},
  publisher = {Springer},
  year      = {2013}
}

@article{ISZ14,
  author    = {Sungjin Im and
               Maxim Sviridenko and
               Ruben van der Zwaan},
  title     = {Preemptive and non-preemptive generalized min sum set cover},
  journal   = {Math. Program.},
  volume    = {145},
  number    = {1-2},
  pages     = {377--401},
  year      = {2014},
  timestamp = {Sat, 27 May 2017 14:25:34 +0200},
  biburl    = {https://dblp.org/rec/bib/journals/mp/ImSZ14},
  bibsource = {dblp computer science bibliography, https://dblp.org}
}



@article{INZ16,
  author    = {Sungjin Im and
               Viswanath Nagarajan and
               Ruben van der Zwaan},
  title     = {Minimum Latency Submodular Cover},
  journal   = {{ACM} Trans. Algorithms},
  volume    = {13},
  number    = {1},
  pages     = {13:1--13:28},
  year      = {2016},
  timestamp = {Wed, 14 Nov 2018 10:21:13 +0100},
  biburl    = {https://dblp.org/rec/bib/journals/talg/ImNZ16},
  bibsource = {dblp computer science bibliography, https://dblp.org}
}

@inproceedings{KN03,
  author    = {Elias Koutsoupias and
               Akash Nanavati},
  title     = {The Online Matching Problem on a Line},
  booktitle = {{WAOA}},
  pages     = {179--191},
  year      = {2003},
  timestamp = {Tue, 14 May 2019 10:00:46 +0200},
  biburl    = {https://dblp.org/rec/conf/waoa/KoutsoupiasN03.bib},
  bibsource = {dblp computer science bibliography, https://dblp.org}
}


@article{LW94,
  author    = {Nick Littlestone and
               Manfred K. Warmuth},
  title     = {The Weighted Majority Algorithm},
  journal   = {Inf. Comput.},
  volume    = {108},
  number    = {2},
  pages     = {212--261},
  year      = {1994}
}


%precedence 
@inproceedings{MCMW17,
  author    = {Jessica McClintock and
               Juli{\'{a}}n Mestre and
               Anthony Wirth},
  title     = {Precedence-Constrained Min Sum Set Cover},
  booktitle = {{ISAAC}},
  pages     = {55:1--55:12},
  year      = {2017},
  url       = {https://doi.org/10.4230/LIPIcs.ISAAC.2017.55},
  doi       = {10.4230/LIPIcs.ISAAC.2017.55},
  timestamp = {Thu, 02 May 2019 17:40:13 +0200},
  biburl    = {https://dblp.org/rec/bib/conf/isaac/McClintockMW17},
  bibsource = {dblp computer science bibliography, https://dblp.org}
}


@inproceedings{NPS11,
  author    = {Joseph Naor and
               Debmalya Panigrahi and
               Mohit Singh},
  title     = {Online Node-Weighted Steiner Tree and Related Problems},
  booktitle = {{FOCS}},
  pages     = {210--219},
  year      = {2011},
  timestamp = {Wed, 16 Oct 2019 14:14:54 +0200},
  biburl    = {https://dblp.org/rec/conf/focs/NaorPS11.bib},
  bibsource = {dblp computer science bibliography, https://dblp.org}
}


@inproceedings{NR17,
  author    = {Krati Nayyar and
               Sharath Raghvendra},
  title     = {An Input Sensitive Online Algorithm for the Metric Bipartite Matching
               Problem},
  booktitle = {{FOCS}},
  pages     = {505--515},
  year      = {2017},
  timestamp = {Wed, 16 Oct 2019 14:14:54 +0200},
  biburl    = {https://dblp.org/rec/conf/focs/NayyarR17.bib},
  bibsource = {dblp computer science bibliography, https://dblp.org}
}



%Skutella
@article{SW11,
  author    = {Martin Skutella and
               David P. Williamson},
  title     = {A note on the generalized min-sum set cover problem},
  journal   = {Oper. Res. Lett.},
  volume    = {39},
  number    = {6},
  pages     = {433--436},
  year      = {2011},
  timestamp = {Sat, 27 May 2017 14:23:42 +0200},
  biburl    = {https://dblp.org/rec/bib/journals/orl/SkutellaW11},
  bibsource = {dblp computer science bibliography, https://dblp.org}
}


@inproceedings{BBBT97,
  author    = {Yair Bartal and
               Avrim Blum and
               Carl Burch and
               Andrew Tomkins},
  title     = {A polylog(\emph{n})-Competitive Algorithm for Metrical Task Systems},
  booktitle = {{STOC} 1997},
  pages     = {711--719},
  year      = {},
  crossref  = {DBLP:conf/stoc/1997},
  timestamp = {Thu, 16 Feb 2012 12:07:30 +0100},
  biburl    = {http://dblp.org/rec/bib/conf/stoc/BartalBBT97},
  bibsource = {dblp computer science bibliography, http://dblp.org}
}










@phdthesis{Burch2000,
  title={Machine learning in metrical task systems and other on-line problems},
  author={Burch, Carl},
  year={2000},
  institution={Carnegie-Mellon University Pittsburg PA School of Computer Science}
}




@inproceedings{CL19,
  author    = {Christian Coester and
               James R. Lee},
  title     = {Pure entropic regularization for metrical task systems},
  booktitle = {{COLT}},
  series    = {Proceedings of Machine Learning Research},
  volume    = {99},
  pages     = {835--848},
  publisher = {{PMLR}},
  year      = {2019}
}

@inproceedings{BCLL19,
  author    = {S{\'{e}}bastien Bubeck and
               Michael B. Cohen and
               James R. Lee and
               Yin Tat Lee},
  title     = {Metrical task systems on trees via mirror descent and unfair gluing},
  booktitle = {{SODA}},
  pages     = {89--97},
  publisher = {{SIAM}},
  year      = {2019}
}

@article{SS06,
 author = {Sitters, Ren\'{e} A. and Stougie, Leen},
 title = {The Generalized Two-server Problem},
 journal = {Journal of {ACM}},
 volume = {53},
 number = {3},
 year = {2006},
 pages = {437--458}
}


@inproceedings{CL96,
  author    = {Marek Chrobak and
               Lawrence L. Larmore},
  title     = {Metrical Task Systems, the Server Problem and the Work Function Algorithm},
  booktitle = {Online Algorithms, The State of the Art},
  pages     = {74--96},
  year      = {1996}
}


@article{KP95,
 author = {Koutsoupias, Elias and Papadimitriou, Christos H.},
 title = {On the K-server Conjecture},
 journal = {Journal of the ACM},
 volume = {42},
 number = {5},
 year = {1995},
 pages = {971--983}
}

@article{BK04,
title = "On the competitive ratio of the work function algorithm for the k-server problem",
journal = "Theoretical Computer Science",
volume = "324",
number = "2",
pages = "337 - 345",
year = "2004",
author = "Yair Bartal and Elias Koutsoupias"
}


@article{B96,
  author    = {William R. Burley},
  title     = {Traversing Layered Graphs Using the Work Function Algorithm},
  journal   = {J. Algorithms},
  volume    = {20},
  number    = {3},
  pages     = {479--511},
  year      = {1996},
  timestamp = {Fri, 01 Jul 2011 13:43:00 +0200},
  biburl    = {http://dblp.uni-trier.de/rec/bib/journals/jal/Burley96},
  bibsource = {dblp computer science bibliography, http://dblp.org}
}

@article{FL93,
  author    = {Joel Friedman and
               Nathan Linial},
  title     = {On Convex Body Chasing},
  journal   = {Discrete {\&} Computational Geometry},
  volume    = {9},
  pages     = {293--321},
  year      = {1993},
  timestamp = {Thu, 18 May 2017 09:52:19 +0200},
  biburl    = {http://dblp.uni-trier.de/rec/bib/journals/dcg/FriedmanL93},
  bibsource = {dblp computer science bibliography, http://dblp.org}
}

@article{Sit14,
  author    = {Ren{\'{e}} Sitters},
  title     = {The Generalized Work Function Algorithm Is Competitive for the Generalized
               2-Server Problem},
  journal   = {{SIAM} J. Comput.},
  volume    = {43},
  number    = {1},
  pages     = {96--125},
  year      = {2014},
   timestamp = {Sat, 27 May 2017 14:22:58 +0200},
  biburl    = {http://dblp.uni-trier.de/rec/bib/journals/siamcomp/Sitters14},
  bibsource = {dblp computer science bibliography, http://dblp.org}
}

@inproceedings{GGLS08,
  author    = {Naveen Garg and
               Anupam Gupta and
               Stefano Leonardi and
               Piotr Sankowski},
  title     = {Stochastic analyses for online combinatorial optimization problems},
  booktitle = {{SODA}},
  pages     = {942--951},
  publisher = {{SIAM}},
  year      = {2008}
}

%random order
@inproceedings{Kenyon96,
  author    = {Claire Kenyon},
  title     = {Best-Fit Bin-Packing with Random Order},
  booktitle = {{SODA}},
  pages     = {359--364},
  publisher = {{ACM/SIAM}},
  year      = {1996}
}

@inproceedings{Meyerson01,
  author    = {Adam Meyerson},
  title     = {Online Facility Location},
  booktitle = {{FOCS}},
  pages     = {426--431},
  publisher = {{IEEE} Computer Society},
  year      = {2001}
}

@inproceedings{GM08,
  author    = {Gagan Goel and
               Aranyak Mehta},
  title     = {Online budgeted matching in random input models with applications
               to Adwords},
  booktitle = {{SODA}},
  pages     = {982--991},
  publisher = {{SIAM}},
  year      = {2008}
}

%Mirrokni Simultaneous
@inproceedings{MGZ12,
  author    = {Vahab S. Mirrokni and
               Shayan Oveis Gharan and
               Morteza Zadimoghaddam},
  title     = {Simultaneous approximations for adversarial and stochastic online
               budgeted allocation},
  booktitle = {{SODA}},
  pages     = {1690--1701},
  publisher = {{SIAM}},
  year      = {2012}
}

%Sleator, Tarjan, original paper list update
@article{ST85,
  author    = {Daniel Dominic Sleator and
               Robert Endre Tarjan},
  title     = {Amortized Efficiency of List Update and Paging Rules},
  journal   = {Commun. {ACM}},
  volume    = {28},
  number    = {2},
  pages     = {202--208},
  year      = {1985},
  timestamp = {Tue, 07 Jun 2011 16:51:41 +0200},
  biburl    = {http://dblp.uni-trier.de/rec/bib/journals/cacm/SleatorT85},
  bibsource = {dblp computer science bibliography, http://dblp.org}
}



@book{EY96,
  title={There are infinitely many competitive-optimal online list accessing algorithms},
  author={El-Yaniv, Ran},
  year={1996},
  publisher={Hebrew University of Jerusalem}
}



%BST
@article{ST85b,
  author    = {Daniel Dominic Sleator and
               Robert Endre Tarjan},
  title     = {Self-Adjusting Binary Search Trees},
  journal   = {J. {ACM}},
  volume    = {32},
  number    = {3},
  pages     = {652--686},
  year      = {1985},
  timestamp = {Thu, 26 Jan 2012 17:31:32 +0100},
  biburl    = {https://dblp.org/rec/bib/journals/jacm/SleatorT85},
  bibsource = {dblp computer science bibliography, https://dblp.org}
}


@phdthesis{ambuhl2002list,
  title={On the list update problem},
  author={Amb{\"u}hl, Christoph},
  year={2002},
  school={ETH Zurich}
}
@article{DHIP07,
  author    = {Erik D. Demaine and
               Dion Harmon and
               John Iacono and
               Mihai P\v{a}tra\c{s}cu},
  title     = {Dynamic Optimality --- Almost},
  journal   = {{SIAM} J. Comput.},
  volume    = {37},
  number    = {1},
  pages     = {240--251},
  year      = {2007},
  url       = {https://doi.org/10.1137/S0097539705447347},
  doi       = {10.1137/S0097539705447347},
}

%chasing
@article{FL93,
  author    = {Joel Friedman and
               Nathan Linial},
  title     = {On Convex Body Chasing},
  journal   = {Discrete {\&} Computational Geometry},
  volume    = {9},
  pages     = {293--321},
  year      = {1993},
  url       = {https://doi.org/10.1007/BF02189324},
  doi       = {10.1007/BF02189324},
  timestamp = {Thu, 18 May 2017 09:52:19 +0200},
  biburl    = {http://dblp.uni-trier.de/rec/bib/journals/dcg/FriedmanL93},
  bibsource = {dblp computer science bibliography, http://dblp.org}
}

@inproceedings{Antoniadis16,
  author    = {Antonios Antoniadis and
               Neal Barcelo and
               Michael Nugent and
               Kirk Pruhs and
               Kevin Schewior and
               Michele Scquizzato},
  title     = {Chasing Convex Bodies and Functions},
  booktitle = {{LATIN}},
  pages     = {68--81},
  year      = {2016},
  url       = {https://doi.org/10.1007/978-3-662-49529-2_6},
  doi       = {10.1007/978-3-662-49529-2_6},
  timestamp = {Tue, 23 May 2017 01:11:27 +0200},
  biburl    = {http://dblp.uni-trier.de/rec/bib/conf/latin/AntoniadisBNPSS16},
  bibsource = {dblp computer science bibliography, http://dblp.org}
}

@inproceedings{HL05,
  author    = {Refael Hassin and
               Asaf Levin},
  title     = {An Approximation Algorithm for the Minimum Latency Set Cover Problem},
  booktitle = {{ESA}},
  pages     = {726--733},
  year      = {2005},
  timestamp = {Tue, 14 May 2019 10:00:54 +0200},
  biburl    = {https://dblp.org/rec/bib/conf/esa/HassinL05},
  bibsource = {dblp computer science bibliography, https://dblp.org}
}


@inproceedings{Sel20,
  author    = {Mark Sellke},
  title     = {Chasing Convex Bodies Optimally},
  booktitle = {{SODA} },
  pages     = {1509--1518},
  year      = {2020},
  timestamp = {Fri, 31 Jan 2020 13:53:57 +0100},
  biburl    = {https://dblp.org/rec/conf/soda/Sellke20.bib},
  bibsource = {dblp computer science bibliography, https://dblp.org}
}


@inproceedings{AGGT20,
  author    = {C. J. Argue and
               Anupam Gupta and
               Guru Guruganesh and
               Ziye Tang},
  title     = {Chasing Convex Bodies with Linear Competitive Ratio},
  booktitle = {{SODA}},
  pages     = {1519--1524},
  year      = {2020},
  timestamp = {Fri, 31 Jan 2020 13:53:57 +0100},
  biburl    = {https://dblp.org/rec/conf/soda/ArgueGGT20.bib},
  bibsource = {dblp computer science bibliography, https://dblp.org}
}

%static optimality
@article{IM12,
  author    = {John Iacono and
               Wolfgang Mulzer},
  title     = {A Static Optimality Transformation with Applications to Planar Point
               Location},
  journal   = {Int. J. Comput. Geometry Appl.},
  volume    = {22},
  number    = {4},
  pages     = {327--340},
  year      = {2012},
  timestamp = {Fri, 02 Nov 2018 09:32:45 +0100},
  biburl    = {https://dblp.org/rec/journals/ijcga/IaconoM12.bib},
  bibsource = {dblp computer science bibliography, https://dblp.org}
}

@inproceedings{DKNS01,
  author    = {Cynthia Dwork and Ravi Kumar and Moni Naor and D. Sivakumar},
  title     = "{Rank aggregation methods for the Web}",
  booktitle = {Proceedings of the Tenth International World Wide Web Conference,
               {WWW} 10},
  pages     = {613--622},
  publisher = {{ACM}},
  year      = {2001},
  timestamp = {Tue, 06 Nov 2018 16:57:08 +0100},
  biburl    = {https://dblp.org/rec/conf/www/DworkKNS01.bib},
  bibsource = {dblp computer science bibliography, https://dblp.org}
}




@article{MMS90,
  author    = {Mark S. Manasse and
               Lyle A. McGeoch and
               Daniel Dominic Sleator},
  title     = {Competitive Algorithms for Server Problems},
  journal   = {J. Algorithms},
  volume    = {11},
  number    = {2},
  pages     = {208--230},
  year      = {1990},
  timestamp = {Sun, 02 Jun 2019 20:52:08 +0200},
  biburl    = {https://dblp.org/rec/journals/jal/ManasseMS90.bib},
  bibsource = {dblp computer science bibliography, https://dblp.org}
}


@inproceedings{FKKSV20,
  author    = {Dimitris Fotakis and Loukas Kavouras and Grigorios Koumoutsos and Stratis Skoulakis and Manolis Vardas},
  title     = {The Online Min-Sum Set Cover Problem},
  booktitle = {Proc. of the 47th International Colloquium on Automata, Languages and Programming ({ICALP}~2020)},
  series    = {LIPIcs},
  year      = {2020},
}



@inproceedings{FJFA13,
author = {Fogel, Fajwel and Jenatton, Rodolphe and Bach, Francis and d’Aspremont, Alexandre},
title = {Convex Relaxations for Permutation Problems},
year = {2013},
booktitle = {Proceedings of the 26th International Conference on Neural Information Processing Systems - Volume 1},
pages = {1016–1024},
numpages = {9},
series = {NIPS'13}
}

@inproceedings{Garber17,
  author    = {Dan Garber},
  title     = {Efficient Online Linear Optimization with Approximation Algorithms},
  booktitle = {Advances in Neural Information Processing Systems 30: Annual Conference
               on Neural Information Processing Systems 2017},
  pages     = {627--635},
  year      = {2017},
}


@inproceedings{StreeterGK09,
  author    = {Matthew J. Streeter and
               Daniel Golovin and
               Andreas Krause},
  title     = {Online Learning of Assignments},
  booktitle = {Advances in Neural Information Processing Systems 22: 23rd Annual
               Conference on Neural Information Processing Systems 2009},
  pages     = {1794--1802},
  publisher = {Curran Associates, Inc.},
  year      = {2009}
}


@inproceedings{DBLP:journals/jmlr/YasutakeHTT12,
  author    = {Shota Yasutake and
               Kohei Hatano and
               Eiji Takimoto and
               Masayuki Takeda},
  title     = {Online Rank Aggregation},
  booktitle = {Proceedings of the 4th Asian Conference on Machine Learning, {ACML}},
  pages     = {539--553},
  year      = {2012}
}

@incollection{Im16,
  author    = {Sungjin Im},
  title     = {Min-Sum Set Cover and Its Generalizations},
  booktitle = {Encyclopedia of Algorithms},
  pages     = {1331--1334},
  publisher = {Springer},
  year      = {2016}
}

@article{GP13,
author = {Cabanac, Guillaume and Preuss, Thomas},
title = {Capitalizing on Order Effects in the Bids of Peer-Reviewed Conferences to Secure Reviews by Expert Referees},
year = {2013},
issue_date = {February 2013},
publisher = {John Wiley & Sons, Inc.},
address = {USA},
volume = {64},
number = {2},
issn = {1532-2882},
url = {https://doi.org/10.1002/asi.22747},
doi = {10.1002/asi.22747},
journal = {J. Am. Soc. Inf. Sci. Technol.},
month = feb,
pages = {405–415},
numpages = {11},
keywords = {scholarly publishing, refereeing}
}

@inproceedings{CKMS01,
author = {Dwork, Cynthia and Kumar, Ravi and Naor, Moni and Sivakumar, D.},
title = {Rank Aggregation Methods for the Web},
year = {2001},
isbn = {1581133480},
publisher = {Association for Computing Machinery},
address = {New York, NY, USA},
booktitle = {Proceedings of the 10th International Conference on World Wide Web},
pages = {613–622},
numpages = {10},
series = {WWW ’01}
}

@inproceedings{FSR18,
author = {Fiez, Tanner and Shah, Nihar and Ratliff, Lillian},
title = {A Super* Algorithm to Determine Orderings of Items to Show Users},
booktitle = {Conference on Uncertainty in Artificial Intelligence},
year = {2020},
}

@InProceedings{HA05,
author="Hassin, Refael
and Levin, Asaf",
title="An Approximation Algorithm for the Minimum Latency Set Cover Problem",
booktitle="Algorithms -- ESA 2005",
year="2005",
publisher="Springer",
pages="726--733",
}

@inproceedings{DGMM20,
  author    = {Mahsa Derakhshan and Negin Golrezaei and Vahideh Manshadi and Vahab Mirrokni},
  title     = {Product Ranking on Online Platforms},
  booktitle = {Proc. of the 21st {ACM} Conference on Economics and Computation ({EC}~2015)},
  publisher = {{ACM}},
  year      = {2020},
  url       = {https://ssrn.com/abstract=3130378},
}

@inproceedings{PT18,
  author    = {Omer Ben{-}Porat and
               Moshe Tennenholtz},
  title     = {A Game-Theoretic Approach to Recommendation Systems with Strategic
               Content Providers},
  booktitle = {Annual Conference
               on Neural Information Processing Systems 2018},
  series      = {NeurIPS 2018},
  year		= {2018}
}

@article{LRR15,
title = {Paid exchanges are worth the price},
author = {Alejandro L\'{o}pez-Ortiz and Marc P. Renault and Adi Ros\'{e}n},
journal = {Theoretical Computer Science},
volume = {824-825},
pages = {1-10},
year = {2020},
issn = {0304-3975},
}

@article{RW96,
title = {Off-line algorithms for the list update problem},
journal = {Information Processing Letters},
volume = {60},
number = {2},
pages = {75-80},
year = {1996},
issn = {0020-0190},
author = {Nick Reingold and Jeffery Westbrook},
}

@inproceedings{Amb00,
  author    = {Christoph Amb{\"{u}}hl},
  title     = {Offline List Update is $\mathrm{NP}$-Hard},
  booktitle = {Algorithms - {ESA} 2000, 8th Annual European Symposium, Proceedings},
  series    = {Lecture Notes in Computer Science},
  volume    = {1879},
  pages     = {42--51},
  publisher = {Springer},
  year      = {2000},
}

@inproceedings{GTW14,
  author    = {Anupam Gupta and Kunal Talwar and Udi Wieder},
  title     = {Changing Bases: Multistage Optimization for Matroids and Matchings},
  booktitle = {Automata, Languages, and Programming - 41st International Colloquium, {ICALP} 2014, Proceedings, Part {I}},
  series    = {Lecture Notes in Computer Science},
  volume    = {8572},
  pages     = {563--575},
  publisher = {Springer},
  year      = {2014},
}

@inproceedings{EMS14,
  author    = {David Eisenstat and Claire Mathieu and Nicolas Schabanel},
  title     = {Facility Location in Evolving Metrics},
  booktitle = {Automata, Languages, and Programming - 41st International Colloquium, {ICALP} 2014, Proceedings, Part {II}},
  series    = {Lecture Notes in Computer Science},
  volume    = {8573},
  pages     = {459--470},
  publisher = {Springer},
  year      = {2014},
}

@inproceedings{BBFT20,
  author    = {Nikhil Bansal and Jatin Batra and Majid Farhadi and Prasad Tetali},
  title     = {Improved Approximations for Min Sum Vertex Cover and Generalized Min Sum Set Cover},  
  booktitle = {Proceedings of the 2021 {ACM-SIAM} Symposium on Discrete Algorithms, {SODA} 2021},
  pages     = {998--1005},
  publisher = {{SIAM}},
  year      = {2021},
}

@article{Svensson15,
  author    = {Hyung{-}Chan An and Ashkan Norouzi{-}Fard and Ola Svensson},
  title     = {Dynamic Facility Location via Exponential Clocks},
  journal   = {{ACM} Trans. Algorithms},
  volume    = {13},
  number    = {2},
  pages     = {21:1--21:20},
  year      = {2017},
}

@inproceedings{Hage07,
  author    = {Torben Hagerup},
  title     = {Online and Offline Access to Short Lists},
  booktitle = {Mathematical Foundations of Computer Science 2007, 32nd International Symposium, {MFCS} 2007, Proceedings},
  series    = {Lecture Notes in Computer Science},
  volume    = {4708},
  pages     = {691--702},
  publisher = {Springer},
  year      = {2007},
}

@inproceedings{FLPS20,
  author    = {Dimitris Fotakis and Thanasis Lianeas and Georgios Piliouras and Stratis Skoulakis},
  title     = {Efficient Online Learning of Optimal Rankings: Dimensionality Reduction via Gradient Descent},
  booktitle = {Advances in Neural Information Processing Systems 33: Annual Conference on Neural Information Processing Systems 2020, NeurIPS 2020},
  year      = {2020},
}

@article{alon2006,
  title={Algorithmic construction of sets for k-restrictions},
  author={Alon, Noga and Moshkovitz, Dana and Safra, Shmuel},
  journal={ACM Transactions on Algorithms (TALG)},
  volume={2},
  number={2},
  pages={153--177},
  year={2006},
  publisher={ACM New York, NY, USA}
}