%Original paper Feige, Lovasz, Tetali, APPROX 2002
@inproceedings{FLT02,
  author    = {Uriel Feige and
               L{\'{a}}szl{\'{o}} Lov{\'{a}}sz and
               Prasad Tetali},
  title     = {Approximating Min-sum Set Cover},
  booktitle = {Approximation Algorithms for Combinatorial Optimization, 5th International
               Workshop, {APPROX} 2002, Rome, Italy, September 17-21, 2002, Proceedings},
  pages     = {94--107},
  year      = {2002},
  url       = {https://doi.org/10.1007/3-540-45753-4\_10},
  doi       = {10.1007/3-540-45753-4\_10},
  timestamp = {Tue, 06 Aug 2019 16:18:36 +0200},
  biburl    = {https://dblp.org/rec/bib/conf/approx/FeigeLT02},
  bibsource = {dblp computer science bibliography, https://dblp.org}
}
%Generalized MSSC
@article{ISZ14,
  author    = {Sungjin Im and
               Maxim Sviridenko and
               Ruben van der Zwaan},
  title     = {Preemptive and non-preemptive generalized min sum set cover},
  journal   = {Math. Program.},
  volume    = {145},
  number    = {1-2},
  pages     = {377--401},
  year      = {2014},
  timestamp = {Sat, 27 May 2017 14:25:34 +0200},
  biburl    = {https://dblp.org/rec/bib/journals/mp/ImSZ14},
  bibsource = {dblp computer science bibliography, https://dblp.org}
}

@article{SW11,
  author    = {Martin Skutella and
               David P. Williamson},
  title     = {A note on the generalized min-sum set cover problem},
  journal   = {Oper. Res. Lett.},
  volume    = {39},
  number    = {6},
  pages     = {433--436},
  year      = {2011},
  timestamp = {Sat, 27 May 2017 14:23:42 +0200},
  biburl    = {https://dblp.org/rec/bib/journals/orl/SkutellaW11},
  bibsource = {dblp computer science bibliography, https://dblp.org}
}

%Azar 
@inproceedings{AGY09,
  author    = {Yossi Azar and
               Iftah Gamzu and
               Xiaoxin Yin},
  title     = {Multiple intents re-ranking},
  booktitle = {{STOC}},
  pages     = {669--678},
  year      = {2009},
  timestamp = {Tue, 06 Nov 2018 11:07:05 +0100},
  biburl    = {https://dblp.org/rec/bib/conf/stoc/AzarGY09},
  bibsource = {dblp computer science bibliography, https://dblp.org}
}

%Bansal Generalized Version
@inproceedings{BGK10,
  author    = {Nikhil Bansal and
               Anupam Gupta and
               Ravishankar Krishnaswamy},
  title     = {A Constant Factor Approximation Algorithm for Generalized Min-Sum
               Set Cover},
  booktitle = {{SODA} },
  pages     = {1539--1545},
  year      = {2010},
  timestamp = {Wed, 24 May 2017 08:31:21 +0200},
  biburl    = {https://dblp.org/rec/bib/conf/soda/BansalGK10},
  bibsource = {dblp computer science bibliography, https://dblp.org}
}

%Online Version
@inproceedings{FKKSV20,
  author    = {Dimitris Fotakis and Loukas Kavouras and Grigorios Koumoutsos and Stratis Skoulakis and Manolis Vardas},
  title     = {The Online Min-Sum Set Cover Problem},
  booktitle = {Proc. of the 47th International Colloquium on Automata, Languages and Programming ({ICALP}~2020)},
  series    = {LIPIcs},
  year      = {2020},
}

@InProceedings{fotakis_et_al:LIPIcs.ICALP.2021.65,
  author =	{Fotakis, Dimitris and Kostopanagiotis, Panagiotis and Nakos, Vasileios and Piliouras, Georgios and Skoulakis, Stratis},
  title =	{{On the Approximability of Multistage Min-Sum Set Cover}},
  booktitle =	{48th International Colloquium on Automata, Languages, and Programming (ICALP 2021)},
  pages =	{65:1--65:19},
  series =	{Leibniz International Proceedings in Informatics (LIPIcs)},
  ISBN =	{978-3-95977-195-5},
  ISSN =	{1868-8969},
  year =	{2021},
  volume =	{198},
  editor =	{Bansal, Nikhil and Merelli, Emanuela and Worrell, James},
  publisher =	{Schloss Dagstuhl -- Leibniz-Zentrum f{\"u}r Informatik},
  address =	{Dagstuhl, Germany},
  URL =		{https://drops.dagstuhl.de/opus/volltexte/2021/14134},
  URN =		{urn:nbn:de:0030-drops-141341},
  doi =		{10.4230/LIPIcs.ICALP.2021.65},
  annote =	{Keywords: Approximation Algorithms, Multistage Min-Sum Set Cover, Multistage Optimization Problems}
}
